@article{patel2019:measles,
  title={National update on measles cases and outbreaks—United States, January 1--October 1, 2019},
  author={Patel, Manisha and Lee, Adria D and Clemmons, Nakia S and Redd, Susan B and Poser, Sarah and Blog, Debra and Zucker, Jane R and Leung, Jessica and Link-Gelles, Ruth and Pham, Huong and others},
  journal={Morbidity and Mortality Weekly Report},
  volume={68},
  number={40},
  pages={893},
  year={2019},
  publisher={Centers for Disease Control and Prevention}
}

@article{carlson2019:conviction,
  title={Bipartisan bill would end use of ‘personal conviction’ waivers for immunization in Wisconsin},
  author={Carlson, B},
  year={2019},
  publisher={Wisconsin Public Radio}
}

@article{dupuy2020:covidvax,
  title={Groups sow doubt about COVID vaccine before one even exists},
  author={Dupuy, B, Klepper, D},
  year={2020},
  publisher={Associated Press}
}

@article{scheufele2019:misinformation,
  title={Science audiences, misinformation, and fake news},
  author={Scheufele, Dietram A and Krause, Nicole M},
  journal={Proceedings of the National Academy of Sciences},
  volume={116},
  number={16},
  pages={7662--7669},
  year={2019},
  publisher={National Acad Sciences}
}

@article{turri2012:knowledge,
  title={Is knowledge justified true belief?},
  author={Turri, John},
  journal={Synthese},
  volume={184},
  number={3},
  pages={247--259},
  year={2012},
  publisher={Springer}
}

@article{uscinski2016:conspiracy,
  title={What drives conspiratorial beliefs? The role of informational cues and predispositions},
  author={Uscinski, Joseph E and Klofstad, Casey and Atkinson, Matthew D},
  journal={Political Research Quarterly},
  volume={69},
  number={1},
  pages={57--71},
  year={2016},
  publisher={SAGE Publications Sage CA: Los Angeles, CA}
}

@article{garrett2017:epistemic,
  title={Epistemic beliefs’ role in promoting misperceptions and conspiracist ideation},
  author={Garrett, R Kelly and Weeks, Brian E},
  journal={PloS one},
  volume={12},
  number={9},
  year={2017},
  publisher={Public Library of Science}
}

@article{lazer2018:fakenews,
  title={The science of fake news},
  author={Lazer, David MJ and Baum, Matthew A and Benkler, Yochai and Berinsky, Adam J and Greenhill, Kelly M and Menczer, Filippo and Metzger, Miriam J and Nyhan, Brendan and Pennycook, Gordon and Rothschild, David and others},
  journal={Science},
  volume={359},
  number={6380},
  pages={1094--1096},
  year={2018},
  publisher={American Association for the Advancement of Science}
}

@article{festinger1957:dissonance,
  title={Theory of Cognitive Dissonant},
  author={Festinger, L},
  year={1957}
}

@article{vosoughi2018:fakenews,
  title={The spread of true and false news online},
  author={Vosoughi, Soroush and Roy, Deb and Aral, Sinan},
  journal={Science},
  volume={359},
  number={6380},
  pages={1146--1151},
  year={2018},
  publisher={American Association for the Advancement of Science}
}

article{isaac2018:facebook,
  title={Facebook overhauls news feed to focus on what friends and family share},
  author={Isaac, Mike},
  journal={New York Times},
  year={2018}
}

@article{milkman2014:sharing,
  title={The science of sharing and the sharing of science},
  author={Milkman, Katherine L and Berger, Jonah},
  journal={Proceedings of the National Academy of Sciences},
  volume={111},
  number={Supplement 4},
  pages={13642--13649},
  year={2014},
  publisher={National Acad Sciences}
}

@article{kunda1990:motivated,
  title={The case for motivated reasoning.},
  author={Kunda, Ziva},
  journal={Psychological bulletin},
  volume={108},
  number={3},
  pages={480},
  year={1990},
  publisher={American Psychological Association}
}

@article{kraft2015:motivatedscience,
  title={Why people “don’t trust the evidence” motivated reasoning and scientific beliefs},
  author={Kraft, Patrick W and Lodge, Milton and Taber, Charles S},
  journal={The ANNALS of the American Academy of Political and Social Science},
  volume={658},
  number={1},
  pages={121--133},
  year={2015},
  publisher={Sage Publications Sage CA: Los Angeles, CA}
}

@article{lord1979:biased,
  title={Biased assimilation and attitude polarization: The effects of prior theories on subsequently considered evidence.},
  author={Lord, Charles G and Ross, Lee and Lepper, Mark R},
  journal={Journal of personality and social psychology},
  volume={37},
  number={11},
  pages={2098},
  year={1979},
  publisher={American Psychological Association}
}

@article{nyhan2010:corrections,
  title={When corrections fail: The persistence of political misperceptions},
  author={Nyhan, Brendan and Reifler, Jason},
  journal={Political Behavior},
  volume={32},
  number={2},
  pages={303--330},
  year={2010},
  publisher={Springer}
}

@article{wood2016:backfire,
  title={The elusive backfire effect: Mass attitudes’ steadfast factual adherence (SSRN Scholarly Paper No. ID 2819073)},
  author={Wood, Thomas and Porter, Ethan},
  journal={Rochester, NY: Social Science Research Network},
  year={2016}
}

@article{scheufele2014:political,
  title={Science communication as political communication},
  author={Scheufele, Dietram A},
  journal={Proceedings of the National Academy of Sciences},
  volume={111},
  number={Supplement 4},
  pages={13585--13592},
  year={2014},
  publisher={National Acad Sciences}
}

@article{allum2008:values,
  title={Science knowledge and attitudes across cultures: A meta-analysis},
  author={Allum, Nick and Sturgis, Patrick and Tabourazi, Dimitra and Brunton-Smith, Ian},
  journal={Public understanding of science},
  volume={17},
  number={1},
  pages={35--54},
  year={2008},
  publisher={Sage Publications Sage UK: London, England}
}

@article{brossard2007:deference,
  title={Deference to scientific authority among a low information public: Understanding US opinion on agricultural biotechnology},
  author={Brossard, Dominique and Nisbet, Matthew C},
  journal={International Journal of Public Opinion Research},
  volume={19},
  number={1},
  pages={24--52},
  year={2007},
  publisher={Oxford University Press}
}

@article{scheufele2005:heuristic,
  title={The public and nanotechnology: How citizens make sense of emerging technologies},
  author={Scheufele, Dietram A and Lewenstein, Bruce V},
  journal={Journal of Nanoparticle Research},
  volume={7},
  number={6},
  pages={659--667},
  year={2005},
  publisher={Springer}
}

@article{einsiedel1994:mentalmap,
  title={Mental maps of science: Knowledge and attitudes among Canadian adults},
  author={Einsiedel, Edna F},
  journal={International Journal of Public Opinion Research},
  volume={6},
  number={1},
  pages={35--44},
  year={1994},
  publisher={Oxford University Press}
}

@article{sjoberg2002:techattitudes,
  title={Attitudes toward technology and risk: Going beyond what is immediately given},
  author={Sj{\"o}berg, Lennart},
  journal={Policy Sciences},
  volume={35},
  number={4},
  pages={379--400},
  year={2002},
  publisher={Springer}
}

@article{perrin2019:fbuse,
  title={Share of US adults using social media, including Facebook, is mostly unchanged since 2018},
  author={Perrin, Andrew and Anderson, Monica},
  journal={Pew Research Center},
  volume={10},
  year={2019}
}

@article{brossard2013:socialmedia,
  title={Science, new media, and the public},
  author={Brossard, Dominique and Scheufele, Dietram A},
  journal={Science},
  volume={339},
  number={6115},
  pages={40--41},
  year={2013},
  publisher={American Association for the Advancement of Science}
}

@article{zimet2013:hpv,
  title={Beliefs, behaviors and HPV vaccine: correcting the myths and the misinformation},
  author={Zimet, Gregory D and Rosberger, Zeev and Fisher, William A and Perez, Samara and Stupiansky, Nathan W},
  journal={Preventive medicine},
  volume={57},
  number={5},
  pages={414--418},
  year={2013},
  publisher={Elsevier}
}

@article{zimet2010:hpvmales,
  title={HPV vaccine and males: issues and challenges},
  author={Zimet, Gregory D and Rosenthal, Susan L},
  journal={Gynecologic oncology},
  volume={117},
  number={2},
  pages={S26--S31},
  year={2010},
  publisher={Elsevier}
}

@article{cooper2011:flu,
  title={Parents' attitudes towards the influenza vaccine and influencing factors},
  author={Cooper Robbins, Spring Chenoa and Leask, Julie and Booy, Robert},
  journal={Journal of paediatrics and child health},
  volume={47},
  number={7},
  pages={419--422},
  year={2011},
  publisher={Wiley Online Library}
}

@article{hart2019:flueffects,
  title={Parent intent and willingness to immunize children against influenza in the pediatric emergency department},
  author={Hart, Rebecca J and Paul, Ronald I and Levine, Alex and Sikes, Kendra and Bryant, Kristina and Stevenson, Michelle D},
  journal={Pediatric emergency care},
  volume={35},
  number={7},
  pages={493--497},
  year={2019},
  publisher={LWW}
}

@article{hilton2006:combinedvax,
  title={Combined vaccines are like a sudden onslaught to the body's immune system’: Parental concerns about vaccine ‘overload’and ‘immune-vulnerability},
  author={Hilton, Shona and Petticrew, Mark and Hunt, Kate},
  journal={Vaccine},
  volume={24},
  number={20},
  pages={4321--4327},
  year={2006},
  publisher={Elsevier}
}

@article{macdonald2012:vaxrisk,
  title={Risk perception, risk management and safety assessment: what can governments do to increase public confidence in their vaccine system?},
  author={MacDonald, Noni E and Smith, Jennifer and Appleton, Mary},
  journal={Biologicals},
  volume={40},
  number={5},
  pages={384--388},
  year={2012},
  publisher={Elsevier}
}

@article{benin2006:mothertrust,
  title={Qualitative analysis of mothers' decision-making about vaccines for infants: the importance of trust},
  author={Benin, Andrea L and Wisler-Scher, Daryl J and Colson, Eve and Shapiro, Eugene D and Holmboe, Eric S},
  journal={Pediatrics},
  volume={117},
  number={5},
  pages={1532--1541},
  year={2006},
  publisher={Am Acad Pediatrics}
}